<?xml version="1.0" encoding="UTF-8"?><collection><record><leader>07898ntm a2200457 a 4500</leader><controlfield tag="001">012388823</controlfield><controlfield tag="003">MiAaHDL</controlfield><controlfield tag="005">20190719000000.0</controlfield><controlfield tag="006">m        d        </controlfield><controlfield tag="007">cr bn ---auaua</controlfield><controlfield tag="008">130624q18451860xx            00| ||ara d</controlfield><datafield tag="035" ind1=" " ind2=" "><subfield code="a">(MiU)012388823</subfield></datafield><datafield tag="035" ind1=" " ind2=" "><subfield code="a">sdr-miu012388823</subfield></datafield><datafield tag="040" ind1=" " ind2=" "><subfield code="a">MiU</subfield><subfield code="c">MiU</subfield><subfield code="e">amremm</subfield></datafield><datafield tag="043" ind1=" " ind2=" "><subfield code="a">n-us-mi</subfield></datafield><datafield tag="100" ind1="1" ind2=" "><subfield code="6">880-01</subfield><subfield code="a">Taftāzānī, Masʻūd ibn ʻUmar,</subfield><subfield code="d">1322-1389?</subfield></datafield><datafield tag="245" ind1="1" ind2="0"><subfield code="6">880-03</subfield><subfield code="a">[Sharḥ al-ʻAqāʼid al-Nasafīyah,</subfield><subfield code="f">mid 19th century?].</subfield></datafield><datafield tag="246" ind1="3" ind2=" "><subfield code="a">شرح العقايد النسفية</subfield></datafield><datafield tag="260" ind1=" " ind2=" "><subfield code="c">[1845-1860?]</subfield></datafield><datafield tag="300" ind1=" " ind2=" "><subfield code="a">90 leaves :</subfield><subfield code="b">paper ;</subfield><subfield code="c">222 x 175 (120-155 x 90) mm. bound to 230 x 178 mm.</subfield></datafield><datafield tag="500" ind1=" " ind2=" "><subfield code="a">Shelfmark: Ann Arbor, University of Michigan, Special Collections Library, Isl. Ms. 1054</subfield></datafield><datafield tag="500" ind1=" " ind2=" "><subfield code="a">Origin: Lacks dated colophon ; paper (embossed marks in particular), hand, etc. would suggest mid 19th century, likely late 1850s.</subfield></datafield><datafield tag="500" ind1=" " ind2=" "><subfield code="a">Binding: Pasteboards covered in dark red leather ; Type III binding (without flap), tight back though not fully flush with text block (ill-fitting or deliberate squares) ; board linings and flyleaves in printed pages taken from an illustrated lamp catalog (recycled / reused printed ‘waste’) with entries including printed drawings and descriptions for various types of "Table Lamps," "Glass Reading Lamps," and "Polished Metal 10-line Kosmos Lamps" ; hinges in white textile ; upper and lower covers carry blind-stamped mandorla (scalloped and filled with floral composition), pendants (stamp of lower pendant outline offset on lower cover), border lozenges, and cornerpieces, as well as border of blind rules and annular stamps ; now stab sewn in white thread (stained pink in places), any sewing through the folds virtually impossible to examine ; overall in fairly good condition with some abrasion, lifting and losses of leather at spine ; seemingly ill-fitting text block, as squares do not match (a few mm. at fore edge, a few mm. at tail, about a cm too large at head) and perhaps recycled / reused cover originally crafted for a smaller text block.</subfield></datafield><datafield tag="500" ind1=" " ind2=" "><subfield code="a">Support: Paper of several types, mainly wove with two different embossed marks and machine laid ; opening gathering (through p.16) mainly in a type of wove paper with oval embossed mark faintly visible in p.10, beige in color, well-burnished (burnishers' marks visible), though mould pattern of curving laid lines spaced roughly 7 laid lines per cm. (horizontal) and occasional chain line is visible in leaf carrying p.4 ; next two gatherings (pp.17-48) and final two gatherings (pp.161-180) in another wove type, sturdier, thicker and lighter in color with many inclusions and oval embossed mark visible in pp.21, 25, 28, 172, 174, 175 (partially inked) similar to that in opening type but far more distinct with "фабрики Слободской кордяжск" surrounding initials "Н П" (compare no.152 dated 1856 in Klepikov 1959) ; next four gatherings (pp.49-112) in a machine laid paper with roughly 6 laid lines per cm. (vertical) and chain lines spaced 26-27 mm. apart, no watermarks visible, soft, grayish in tone ; next three gatherings in another wove type with a different oval embossed mark with "С Ф" (i.e. Сурская фабрика) at the center above "П В СЕР[ГЕЕВА]" (see p.145, 149, etc. and compare no.178 dated 1856-1860 in Klepikov 1959), blue-gray in color (between azure and cerulean) and quite opaque, sturdy though fairly thin and soft ; some staining and tears ; a few repairs in machine laid paper.</subfield></datafield><datafield tag="500" ind1=" " ind2=" "><subfield code="a">Decoration: A few keywords rubricated toward opening ; overlining in black and red sets off text being commented upon (al-ʻAqāʼid al-Nasafīyah) ; diagram in margin of p.18.</subfield></datafield><datafield tag="500" ind1=" " ind2=" "><subfield code="a">Script: Naskh-nastaʻlīq (talik) ; chiefly a clear Turkish / Turkic hand (perhaps Transoxanian, Crimean, or Eastern Anatolian) ; serifless with very slight effect of words descending to baseline or gently inclining to the left, elongation of some horizontal strokes, many flattened, elongated descenders, kāf mashqūqah preferred with shaqq (curving upward) on even final kāf, final tāʼ marbūṭah often given as tāʼ maftūḥah, point of final nūn typically set above narrow bowl, pointing (two and three dots) in strokes rather than distinct dots ; a few pages fully or partially in a Turkish / Turkic naskh (see opening pp.1-3 and p.146).</subfield></datafield><datafield tag="500" ind1=" " ind2=" "><subfield code="a">Layout: Written mainly in 8-10 lines per page (single column), though text of final two leaves (pp.177-179) is far more densely arranged with 20-22 lines per page ; frame-ruled (impression of ruling board more clearly evident in leaves of blue paper).</subfield></datafield><datafield tag="500" ind1=" " ind2=" "><subfield code="a">Collation: i, 11 IV(88), I (90), i ; difficult to examine due to tight stab sewing, but appear to be almost exclusively quaternions ; proper catchwords not present though occasionally last word of final line on the verso of a leaf repeated at the beginning of the first line on the following recto ; verso of final leaf (p.180) left blank (text ends abruptly on recto, p.179) ; pagination in pencil, Western numerals, supplied during cataloguing.</subfield></datafield><datafield tag="500" ind1=" " ind2=" "><subfield code="a">Explicit: "في كتب الشافعية ان القاضي ينعزل بالفسق بخلاف الامام والفرق ان في انعزاله و وجوب نصب غيره اثارة الفتنة لما فيه الشوكة بخلاف القاضي وفي رواية النوادر"</subfield></datafield><datafield tag="500" ind1=" " ind2=" "><subfield code="a">Incipit: "الحمد لله المتوحد بجلال ذاته وكمال صفاته المتقدس في نعوت الجبروت عن شوائب النقص وسماته ... وبعد فان مبنى علم الشرائع والاحكام واساس قواعد عقائد الاسلام هو علم التوحيد والصفات الموسوم بالكلام ... وان المختصر المسمى بالعقائد للامام قدوة علماء الاسلام نجم الملة والدين عمر النسفي اعلى الله درجته في دار السلام يشتمل من هذا الفن على غرر الفوائد ودرر الفرائد في ضمن فصول هي للدين قواعد واصول ... فحاولت ان اشرحه شرحا يفصل مجملاته ويبين معضلاته ..."</subfield></datafield><datafield tag="500" ind1=" " ind2=" "><subfield code="a">Title supplied by cataloguer.</subfield></datafield><datafield tag="500" ind1=" " ind2=" "><subfield code="a">Ms. codex.</subfield></datafield><datafield tag="510" ind1="4" ind2=" "><subfield code="a">Клепиков, С.А. Филиграни и штемпели на бумаге русского и иностранного производства XVII-XX вв [= Watermarks and stamps in paper of Russian and foreign production of the XVII-XX centuries]. Москва: Изд-во Всесоюзной Книжной палаты, 1959.</subfield></datafield><datafield tag="510" ind1="4" ind2=" "><subfield code="a">Brockelmann, C. GAL,</subfield><subfield code="c">II 215-16, no.11 ; I 427</subfield></datafield><datafield tag="520" ind1=" " ind2=" "><subfield code="a">Well-glossed (though incomplete and ending abruptly) copy of al-Taftāzānī’s (d.1389?) commentary on the popular creed, al-ʻAqāʼid al-Nasafīyah of Abū Ḥafs ʻUmar Najm al-Dīn al-Māturīdī al-Nasafī (d.1142).</subfield></datafield><datafield tag="538" ind1=" " ind2=" "><subfield code="a">Mode of access: Internet.</subfield></datafield><datafield tag="541" ind1=" " ind2=" "><subfield code="a">Possibly purchased on Mr. Om P. Sharma's buying trip to "Europe and India" in the winter and spring of 1968.</subfield></datafield><datafield tag="546" ind1=" " ind2=" "><subfield code="a">Arabic.</subfield></datafield><datafield tag="561" ind1=" " ind2=" "><subfield code="a">Inventory number "13" on spine label and blue label on lower board lining "13 | Kandahar April '68 | 1 of 14 for 1800 Afs." ; notes in shikastah-nastaʻlīq on upper board lining and abrupt close of text on p.179 ; extensive interlinear and marginal glosses as well as a few marginal corrections, all in hand resembling the main hand, but smaller, more compact and in a narrower line.</subfield></datafield><datafield tag="600" ind1="1" ind2="0"><subfield code="a">Nasafī, ʻUmar ibn Muḥammad,</subfield><subfield code="d">1068?-1142.</subfield><subfield code="t">ʻAqāʼid.</subfield></datafield><datafield tag="650" ind1=" " ind2="0"><subfield code="a">Manuscripts, Arabic</subfield><subfield code="z">Michigan</subfield><subfield code="z">Ann Arbor.</subfield></datafield><datafield tag="650" ind1=" " ind2="0"><subfield code="a">Islam</subfield><subfield code="x">Doctrines</subfield><subfield code="v">Early works to 1800.</subfield></datafield><datafield tag="880" ind1="1" ind2="0"><subfield code="6">245-03/</subfield><subfield code="a">[شرح العقائد النسفية،</subfield><subfield code="f">اواسط القرن 19م؟].</subfield></datafield><datafield tag="880" ind1="1" ind2=" "><subfield code="6">100-01/</subfield><subfield code="a">تفتازاني، مسعود بن عمر.</subfield></datafield><datafield tag="CID" ind1=" " ind2=" "><subfield code="a">012388823</subfield></datafield><datafield tag="DAT" ind1="0" ind2=" "><subfield code="a">20190719102642.0</subfield><subfield code="b">20190719000000.0</subfield></datafield><datafield tag="DAT" ind1="1" ind2=" "><subfield code="a">20190719090653.0</subfield><subfield code="b">2019-07-19T16:10:23Z</subfield></datafield><datafield tag="DAT" ind1="2" ind2=" "><subfield code="a">2019-02-26T19:00:03Z</subfield></datafield><datafield tag="CAT" ind1=" " ind2=" "><subfield code="a">SDR-MIU</subfield><subfield code="d">EX LIBRIS - ALEPH</subfield><subfield code="l">prepare.pl-004-008</subfield></datafield><datafield tag="FMT" ind1=" " ind2=" "><subfield code="a">BK</subfield></datafield><datafield tag="HOL" ind1=" " ind2=" "><subfield code="0">sdr-miu012388823</subfield><subfield code="a">MiU</subfield><subfield code="b">SDR</subfield><subfield code="c">MIU</subfield><subfield code="p">mdp.39015079133040</subfield><subfield code="s">MIU</subfield><subfield code="1">012388823</subfield></datafield><datafield tag="974" ind1=" " ind2=" "><subfield code="b">MIU</subfield><subfield code="c">MIU</subfield><subfield code="d">20190719</subfield><subfield code="s">lit-dlps-dc</subfield><subfield code="u">mdp.39015079133040</subfield><subfield code="y">1860</subfield><subfield code="r">pd</subfield><subfield code="q">bib</subfield><subfield code="t">non-US bib date2 &lt; 1879</subfield></datafield></record></collection>